@article{dbtoaster09,
  title={DBToaster: A SQL compiler for high-performance delta processing in main-memory databases},
  author={Ahmad, Yanif and Koch, Christoph},
  journal={Proceedings of the VLDB Endowment},
  volume={2},
  number={2},
  pages={1566--1569},
  year={2009},
  publisher={VLDB Endowment},
  note={\pdfurl{http://www.cs.cornell.edu/~yanif/papers/dbtoaster_vldb09_demo_CR.pdf}}
}

@inproceedings{dbtoaster11,
  title={DBToaster: Agile Views for a Dynamic Data Management System.},
  author={Kennedy, Oliver and Ahmad, Yanif and Koch, Christoph},
  booktitle={CIDR},
  pages={284--295},
  year={2011},
  note={\pdfurl{https://database.cs.wisc.edu/cidr/cidr2011/Papers/CIDR11_Paper38.pdf}}
}

@inproceedings{socialite,
  title={SociaLite: Datalog extensions for efficient social network analysis},
  author={Seo, Jiwon and Guo, Stephen and Lam, Monica S},
  booktitle={Data Engineering (ICDE), 2013 IEEE 29th International Conference on},
  pages={278--289},
  year={2013},
  organization={IEEE},
  note={\pdfurl{http://mobisocial.stanford.edu/papers/icde13.pdf}}
}

@article{webdamlog,
  title={The Webdamlog System Managing Distributed Knowledge on the Web},
  author={Abiteboul, Serge and Antoine, {\'E}milien and Stoyanovich, Julia},
  journal={arXiv preprint arXiv:1304.4187},
  year={2013},
  note={\pdfurl{http://arxiv.org/pdf/1304.4187v1.pdf}}
}

@inproceedings{bloom_lattices,
  title={Logic and lattices for distributed programming},
  author={Conway, Neil and Marczak, William R and Alvaro, Peter and Hellerstein, Joseph M and Maier, David},
  booktitle={Proceedings of the Third ACM Symposium on Cloud Computing},
  pages={1},
  year={2012},
  organization={ACM},
  note={\pdfurl{http://db.cs.berkeley.edu/papers/UCB-lattice-tr.pdf}}
}

@book{dedalus,
  title={Dedalus: Datalog in time and space},
  author={Alvaro, Peter and Marczak, William R and Conway, Neil and Hellerstein, Joseph M and Maier, David and Sears, Russell},
  year={2011},
  publisher={Springer},
  note={\pdfurl{http://db.cs.berkeley.edu/papers/datalog2011-dedalus.pdf}}
}

@inproceedings{bloom_calm,
  title={Consistency Analysis in Bloom: a CALM and Collected Approach.},
  author={Alvaro, Peter and Conway, Neil and Hellerstein, Joe and Marczak, William R},
  booktitle={CIDR},
  pages={249--260},
  year={2011},
  note={\pdfurl{http://www.deeprecursion.com/file/2011/10/7552941-cidr11-bloom.pdf}}
}

@inproceedings{pregel,
  title={Pregel: a system for large-scale graph processing},
  author={Malewicz, Grzegorz and Austern, Matthew H and Bik, Aart JC and Dehnert, James C and Horn, Ilan and Leiser, Naty and Czajkowski, Grzegorz},
  booktitle={Proceedings of the 2010 ACM SIGMOD International Conference on Management of data},
  pages={135--146},
  year={2010},
  organization={ACM},
  note={\pdfurl{http://kowshik.github.io/JPregel/pregel_paper.pdf}}
}

@article{datalog_fs,
  title={Extending the power of datalog recursion},
  author={Mazuran, Mirjana and Serra, Edoardo and Zaniolo, Carlo},
  journal={The VLDB Journal},
  pages={1--23},
  publisher={Springer},
  note={\pdfurl{http://cs.ucla.edu/~zaniolo/papers/datalogFS.pdf}}
}

@article{linkpred,
  title={The link-prediction problem for social networks},
  author={Liben-Nowell, David and Kleinberg, Jon},
  journal={Journal of the American society for information science and technology},
  volume={58},
  number={7},
  pages={1019--1031},
  year={2007},
  publisher={Wiley Online Library}
  note={\pdfurl{http://www.cs.cornell.edu/home/kleinber/link-pred.pdf}}
}
